<?xml version="1.0" encoding="UTF-8"?><record xmlns="http://www.loc.gov/MARC21/slim" xmlns:cinclude="http://apache.org/cocoon/include/1.0" xmlns:zs="http://www.loc.gov/zing/srw/">
  <leader>01063cz  a2200205n  4500</leader>
  <controlfield tag="001">n  93001604 </controlfield>
  <controlfield tag="003">DLC</controlfield>
  <controlfield tag="005">20101009075115.0</controlfield>
  <controlfield tag="008">930108n| acannaabn          |b aaa      </controlfield>
  <datafield tag="010" ind1=" " ind2=" ">
    <subfield code="a">n  93001604 </subfield>
  </datafield>
  <datafield tag="035" ind1=" " ind2=" ">
    <subfield code="a">(OCoLC)oca03296451</subfield>
  </datafield>
  <datafield tag="040" ind1=" " ind2=" ">
    <subfield code="a">DLC</subfield>
    <subfield code="b">eng</subfield>
    <subfield code="c">DLC</subfield>
    <subfield code="d">NcU</subfield>
  </datafield>
  <datafield tag="100" ind1="1" ind2=" ">
    <subfield code="a">Shishmarev, Sergeĭ Romanovich,</subfield>
    <subfield code="d">1882-1954</subfield>
  </datafield>
  <datafield tag="400" ind1="1" ind2=" ">
    <subfield code="a">Shishmarev, Sergi︠e︡ĭ,</subfield>
    <subfield code="d">1882-1954</subfield>
  </datafield>
  <datafield tag="400" ind1="1" ind2=" ">
    <subfield code="a">Шишмарев, Сергей Романович,</subfield>
    <subfield code="d">1882-1954</subfield>
  </datafield>
  <datafield tag="667" ind1=" " ind2=" ">
    <subfield code="a">Non-Latin script reference not evaluated.</subfield>
  </datafield>
  <datafield tag="670" ind1=" " ind2=" ">
    <subfield code="a">NUCMC data from Columbia Univ. Libraries, Bakhmeteff Archive (New York, N.Y.) for His Papers, 1921-1955</subfield>
    <subfield code="b">(Shishmarev, Sergeĭ Romanovich, 1882-1954; an engineer by profession, he began a literary career in emigration)</subfield>
  </datafield>
  <datafield tag="670" ind1=" " ind2=" ">
    <subfield code="a">Foster, L. Bibl. russ. zarub. lit-ry, 1970:</subfield>
    <subfield code="b">p. 1183 (Шишмарев, Сергей Романович = Shishmarev, Sergeĭ Romanovich; d. 1954)</subfield>
  </datafield>
  <datafield tag="670" ind1=" " ind2=" ">
    <subfield code="a">Tikhon Timofi︠e︡ich i ego praktika, 1932:</subfield>
    <subfield code="b">(Сергѣй Шишмарев = Sergi︠e︡ĭ Shishmarev)</subfield>
  </datafield>
  <datafield tag="675" ind1=" " ind2=" ">
    <subfield code="a">Vesʹ Petrograd na 1917</subfield>
  </datafield>
</record>